<?xml version="1.0" encoding="UTF-8"?>
<collection xmlns="http://www.loc.gov/MARC21/slim">
    <!-- Ae ligature upper case -->
    <record>
        <leader>01139cam a2200229 i 4500</leader>
        <controlfield tag="001">aAe1</controlfield>
        <controlfield tag="008">790220||||||||||||           ||| | eng  </controlfield>
        <datafield tag="245" ind1="1" ind2="2">
<!-- this doesn't pass the test either
            <subfield code="a">Æon Flux</subfield>
-->
            <subfield code="a">&#0198; Flux</subfield>
        </datafield>
    </record>