
    <!-- ae ligature lower case -->
    <record>
        <leader>01139cam a2200229 i 4500</leader>
        <controlfield tag="001">aae1</controlfield>
        <controlfield tag="008">790220||||||||||||           ||| | eng  </controlfield>
        <datafield tag="245" ind1="1" ind2="2">
            <subfield code="a">Encyclop&#xE6;dia Dramatica</subfield> 
<!-- these don't pass the test either
    <subfield code="a">Encyclop&#230;dia Dramatica</subfield>
    <subfield code="a">Encyclop¾dia Dramatica</subfield>
    <subfield code="a">Encyclopædia Dramatica</subfield>
-->
        </datafield>
    </record>