
    <!-- oe ligature lower case -->
    <record>
        <leader>01139cam a2200229 i 4500</leader>
        <controlfield tag="001">aoe1</controlfield>
        <controlfield tag="008">790220||||||||||||           ||| | eng  </controlfield>
        <datafield tag="245" ind1="1" ind2="2">
            <subfield code="a">Cœurdevey, Edouard</subfield>
        </datafield>
    </record>