
    <record>
        <leader>01139cam a2200229 i 4500</leader>
        <controlfield tag="001">aoe2</controlfield>
        <controlfield tag="008">790220||||||||||||           ||| | eng  </controlfield>
        <datafield tag="245" ind1="1" ind2="2">
            <subfield code="a">Coeurdevey, Edouard</subfield>
        </datafield>
    </record>
</collection>